% scibib.bib

% This is the .bib file used to compile the document "A simple Science
% template" (scifile.tex).  It is not intended as an example of how to
% set up your BibTeX file.


@misc{ Roman,
       author = "Steven Roman",
       title = "Coding and Information Theory",
       year = "1992" }








